@online{liovillesconstant,
    author = "MathWorld",
    title = "Lioville's Constant",
    url = "http://mathworld.wolfram.com/LiouvillesConstant.html"
}

@online{transcendentalnumber,
    author = "MathWorld",
    title = "Transcendental Number",
    url = "http://mathworld.wolfram.com/TranscendentalNumber.html"
}

@online{transcendentalnumberwiki,
    author = "Wikipedia",
    title = "Transcendental Number Wiki",
    url = "https://en.wikipedia.org/wiki/Transcendental_number"
}

@online{liouvilleconstantwiki,
    author = "Wikipedia",
    title = "Lioville's Constant Wiki",
    url = "https://en.wikipedia.org/wiki/Liouville_number"
}

@online{termdefinitionWiki,
    author = "Techterms",
    title = "Term definition Wiki",
    url = "https://techterms.com"
}
